@INPROCEEDINGS{1971GCVS3.C......0K,
   author = {{Kukarkin}, B.~V. and {Kholopov}, P.~N. and {Pskovsky}, Y.~P. and 
	{Efremov}, Y.~N. and {Kukarkina}, N.~P. and {Kurochkin}, N.~E. and 
	{Medvedeva}, G.~I.},
    title = "{The third edition containing information on 20437 variable stars discovered and designated till 1968.}",
booktitle = {General Catalogue of Variable Stars, 3rd ed. (1971)},
     year = 1971,
   adsurl = {http://adsabs.harvard.edu/abs/1971GCVS3.C......0K},
  adsnote = {Provided by the SAO/NASA Astrophysics Data System}
}

@ARTICLE{2000AA...355L..27H,
	author = {{H{\o}g}, E. and {Fabricius}, C. and {Makarov}, V.~V. and {Urban}, S. and 
	{Corbin}, T. and {Wycoff}, G. and {Bastian}, U. and {Schwekendiek}, P. and 
	{Wicenec}, A.},
	title = "{The Tycho-2 catalogue of the 2.5 million brightest stars}",
	journal = {\aap},
	keywords = {ASTROMETRY, STARS: FUNDAMENTAL PARAMETERS, CATALOGS},
	year = 2000,
	month = mar,
	volume = 355,
	pages = {L27-L30},
	adsurl = {http://adsabs.harvard.edu/abs/2000A%26A...355L..27H},
	adsnote = {Provided by the SAO/NASA Astrophysics Data System}
}

@ARTICLE{2017arXiv170309824V,
	author = {{VanderPlas}, J.~T.},
	title = "{Understanding the Lomb-Scargle Periodogram}",
	journal = {ArXiv e-prints},
	archivePrefix = "arXiv",
	eprint = {1703.09824},
	primaryClass = "astro-ph.IM",
	keywords = {Astrophysics - Instrumentation and Methods for Astrophysics},
	year = 2017,
	month = mar,
	adsurl = {http://adsabs.harvard.edu/abs/2017arXiv170309824V},
	adsnote = {Provided by the SAO/NASA Astrophysics Data System}
}


