@Manual{labman,
	title = {Lab 4: Coordinates in the sky},
	author = {Charles Kerton},
	organization = {Iowa State University Department of Physics and Astronomy},
	month = {October},
	year = {2017},
	OPTnote = {For Astro 344L class},
}

@Misc{fits,
	author = {Lars Holm {Nielsen} and Lars Lindberg {Christensen}},
	title = {FITS Liberator},
	organization = {ESA, ESO, NASA},
	month = {October},
	year = {2017},
	url = "https://www.spacetelescope.org/projects/fits_liberator/stepbystep/",
}

