@INPROCEEDINGS{1971GCVS3.C......0K,
   author = {{Kukarkin}, B.~V. and {Kholopov}, P.~N. and {Pskovsky}, Y.~P. and 
	{Efremov}, Y.~N. and {Kukarkina}, N.~P. and {Kurochkin}, N.~E. and 
	{Medvedeva}, G.~I.},
    title = "{The third edition containing information on 20437 variable stars discovered and designated till 1968.}",
booktitle = {General Catalogue of Variable Stars, 3rd ed. (1971)},
     year = 1971,
   adsurl = {http://adsabs.harvard.edu/abs/1971GCVS3.C......0K},
  adsnote = {Provided by the SAO/NASA Astrophysics Data System}
}

@ARTICLE{2000AA...355L..27H,
	author = {{H{\o}g}, E. and {Fabricius}, C. and {Makarov}, V.~V. and {Urban}, S. and 
	{Corbin}, T. and {Wycoff}, G. and {Bastian}, U. and {Schwekendiek}, P. and 
	{Wicenec}, A.},
	title = "{The Tycho-2 catalogue of the 2.5 million brightest stars}",
	journaltitle = {aap},
	keywords = {ASTROMETRY, STARS: FUNDAMENTAL PARAMETERS, CATALOGS},
	year = 2000,
	month = mar,
	volume = 355,
	pages = {L27-L30},
	adsurl = {http://adsabs.harvard.edu/abs/2000A%26A...355L..27H},
	adsnote = {Provided by the SAO/NASA Astrophysics Data System}
}

@ARTICLE{2017arXiv170309824V,
	author = {{VanderPlas}, J.~T.},
	title = "{Understanding the Lomb-Scargle Periodogram}",
	journaltitle = {ArXiv e-prints},
	archivePrefix = "arXiv",
	eprint = {1703.09824},
	primaryClass = "astro-ph.IM",
	keywords = {Astrophysics - Instrumentation and Methods for Astrophysics},
	year = 2017,
	month = mar,
	adsurl = {http://adsabs.harvard.edu/abs/2017arXiv170309824V},
	adsnote = {Provided by the SAO/NASA Astrophysics Data System}
}

@ARTICLE{1989ApJ...338..277P,
	author = {{Press}, W.~H. and {Rybicki}, G.~B.},
	title = "{Fast algorithm for spectral analysis of unevenly sampled data}",
	journal = {\apj},
	keywords = {Algorithms, Data Sampling, Fast Fourier Transformations, Spectrum Analysis, Computer Programs, Fortran},
	year = 1989,
	month = mar,
	volume = 338,
	pages = {277-280},
	doi = {10.1086/167197},
	adsurl = {http://adsabs.harvard.edu/abs/1989ApJ...338..277P},
	adsnote = {Provided by the SAO/NASA Astrophysics Data System}
}

@ARTICLE{1963ApJ...138..487C,
	author = {{Cox}, J.~P.},
	title = "{On Second Helium Ionization as a Cause of Pulsational Instability in Stars.}",
	journal = {apj},
	year = 1963,
	month = aug,
	volume = 138,
	pages = {487},
	doi = {10.1086/147661},
	adsurl = {http://adsabs.harvard.edu/abs/1963ApJ...138..487C},
	adsnote = {Provided by the SAO/NASA Astrophysics Data System}
}

@ARTICLE{1935PASP...47..232F,
	author = {{Fath}, E.~A.},
	title = "{The Variability of {$\delta$} Scuti}",
	journal = {pasp},
	year = 1935,
	month = aug,
	volume = 47,
	pages = {232},
	doi = {10.1086/124600},
	adsurl = {http://adsabs.harvard.edu/abs/1935PASP...47..232F},
	adsnote = {Provided by the SAO/NASA Astrophysics Data System}
}

@ARTICLE{1937LicOB..18...77F,
	author = {{Fath}, E.~A.},
	title = "{The multiple variability of Delta Scuti}",
	journal = {Lick Observatory Bulletin},
	keywords = {PULSATING STARS},
	year = 1937,
	volume = 18,
	pages = {77-83},
	doi = {10.5479/ADS/bib/1937LicOB.18.77F},
	adsurl = {http://adsabs.harvard.edu/abs/1937LicOB..18...77F},
	adsnote = {Provided by the SAO/NASA Astrophysics Data System}
}

@ARTICLE{1997PASP..109.1221M,
	author = {{McNamara}, D.},
	title = "{Luminosities of SX Phoenicis, Large-Amplitude Delta Scuti, and RR Lyrae Stars}",
	journal = {pasp},
	keywords = {STARS: BLUE STRAGGLERS, CEPHEIDS, VARIABLES: OTHER},
	year = 1997,
	month = nov,
	volume = 109,
	pages = {1221-1232},
	doi = {10.1086/133999},
	adsurl = {http://adsabs.harvard.edu/abs/1997PASP..109.1221M},
	adsnote = {Provided by the SAO/NASA Astrophysics Data System}
}

@ARTICLE{1938ApJ....87..133S,
	author = {{Sterne}, T.~E.},
	title = "{The Secondary Variation of {$\delta$} Scuti}",
	journal = {apj},
	year = 1938,
	month = mar,
	volume = 87,
	pages = {133},
	doi = {10.1086/143913},
	adsurl = {http://adsabs.harvard.edu/abs/1938ApJ....87..133S},
	adsnote = {Provided by the SAO/NASA Astrophysics Data System}
}

@ARTICLE{1982ApJ...263..835S,
	author = {{Scargle}, J.~D.},
	title = "{Studies in astronomical time series analysis. II - Statistical aspects of spectral analysis of unevenly spaced data}",
	journal = {apj},
	keywords = {Astronomy, Signal Detection, Spectrum Analysis, Statistical Distributions, Time Series Analysis, Fourier Transformation, Frequency Response, Power Spectra, Signal To Noise Ratios},
	year = 1982,
	month = dec,
	volume = 263,
	pages = {835-853},
	doi = {10.1086/160554},
	adsurl = {http://adsabs.harvard.edu/abs/1982ApJ...263..835S},
	adsnote = {Provided by the SAO/NASA Astrophysics Data System}
}


@ARTICLE{1976Ap&SS..39..447L,
	author = {{Lomb}, N.~R.},
	title = "{Least-squares frequency analysis of unequally spaced data}",
	journal = {apss},
	keywords = {Astronomy, Data Reduction, Least Squares Method, Background Noise, Power Spectra, Sine Waves, Spectrum Analysis, Statistical Analysis, Variable Stars},
	year = 1976,
	month = feb,
	volume = 39,
	pages = {447-462},
	doi = {10.1007/BF00648343},
	adsurl = {http://adsabs.harvard.edu/abs/1976Ap%26SS..39..447L},
	adsnote = {Provided by the SAO/NASA Astrophysics Data System}
}
