
@ARTICLE{1987PASP...99..191S,
   author = {{Stetson}, P.~B.},
    title = "{DAOPHOT - A computer program for crowded-field stellar photometry}",
  journal = {\pasp},
 keywords = {Algorithms, Astronomical Photometry, Computer Programs, Charge Coupled Devices, Color-Magnitude Diagram, Magellanic Clouds, Point Spread Functions, Television Cameras},
     year = 1987,
    month = mar,
   volume = 99,
    pages = {191-222},
      doi = {10.1086/131977},
   adsurl = {http://adsabs.harvard.edu/abs/1987PASP...99..191S},
  adsnote = {Provided by the SAO/NASA Astrophysics Data System}
}
